<record><leader>00000cas a22000007a 4500</leader><controlfield tag="001">17450130</controlfield><controlfield tag="008">880209d192819uutxuwr ne      0    0eng d</controlfield><datafield ind1=" " ind2=" " tag="010"><subfield code="a">sn 88083250 </subfield></datafield><datafield ind1=" " ind2=" " tag="040"><subfield code="a">PPM</subfield><subfield code="b">eng</subfield><subfield code="c">PPM</subfield><subfield code="d">CNW</subfield><subfield code="d">OCLCQ</subfield></datafield><datafield ind1=" " ind2=" " tag="042"><subfield code="a">msc</subfield></datafield><datafield ind1="0" ind2="0" tag="245"><subfield code="a">East Texas Baptist.</subfield></datafield><datafield ind1=" " ind2=" " tag="260"><subfield code="a">Tyler, Tex. :</subfield><subfield code="b">George W. Keeling,</subfield><subfield code="c">1928-</subfield></datafield><datafield ind1=" " ind2=" " tag="310"><subfield code="a">Weekly</subfield></datafield><datafield ind1="0" ind2=" " tag="362"><subfield code="a">Vol. 1, no. 1 (Mar. 30, 1928)-</subfield></datafield><datafield ind1=" " ind2="4" tag="651"><subfield code="a">Tyler (Tex.)</subfield><subfield code="v">Newspapers.</subfield></datafield><datafield ind1=" " ind2=" " tag="752"><subfield code="a">United States</subfield><subfield code="b">Texas</subfield><subfield code="c">Smith</subfield><subfield code="d">Tyler.</subfield></datafield><datafield ind1="1" ind2=" " tag="029"><subfield code="a">AU@</subfield><subfield code="b">000025797269</subfield></datafield></record>